<?xml version="1.0" encoding="UTF-8"?>
<collection xmlns:xsi="http://www.w3.org/2001/XMLSchema-instance" xsi:schemaLocation="http://www.loc.gov/MARC21/slim http://www.loc.gov/standards/marcxml/schema/MARC21slim.xsd" xmlns="http://www.loc.gov/MARC21/slim">
<record>
  <leader>00613cam a2200181 u 4500</leader>
  <controlfield tag="001">689699</controlfield>
  <controlfield tag="003">NNC</controlfield>
  <controlfield tag="005">20151019143732.0</controlfield>
  <controlfield tag="008">881025m19841985ir ||||||||| |||| ||ara |</controlfield>
  <datafield tag="035" ind1=" " ind2=" ">
    <subfield code="a">(OCoLC)60601672</subfield>
  </datafield>
  <datafield tag="035" ind1=" " ind2=" ">
    <subfield code="a">(OCoLC)ocm60601672</subfield>
  </datafield>
  <datafield tag="035" ind1=" " ind2=" ">
    <subfield code="a">(CStRLIN)NYCG88-B76127</subfield>
  </datafield>
  <datafield tag="035" ind1=" " ind2=" ">
    <subfield code="9">ACZ9523CU</subfield>
  </datafield>
  <datafield tag="035" ind1=" " ind2=" ">
    <subfield code="a">(NNC)689699</subfield>
  </datafield>
  <datafield tag="100" ind1="1" ind2=" ">
    <subfield code="a">Mustafawi, al-Sayyid Jawad.</subfield>
  </datafield>
  <datafield tag="245" ind1="1" ind2="0">
    <subfield code="a">Miftah al-wasaʾil :</subfield>
    <subfield code="b">muʻjam mufahras li-alfaz 35862 hadithan li-kitab wasaʾil al-Shiʻah al-hawi lil-kutub al-arbaʻah wa-180 kitaban akhar.</subfield>
  </datafield>
  <datafield tag="260" ind1=" " ind2=" ">
    <subfield code="a">Tihran :</subfield>
    <subfield code="b">Dar al-Kutub al-Islamiyah,</subfield>
    <subfield code="c">1363 [1984 or 1985]</subfield>
  </datafield>
  <datafield tag="300" ind1=" " ind2=" ">
    <subfield code="a">2 v. in 1.</subfield>
  </datafield>
  <datafield tag="955" ind1=" " ind2=" ">
    <subfield code="b">CU59600551</subfield>
    <subfield code="d">off,glx</subfield>
    <subfield code="e">ME10450</subfield>
  </datafield>
</record>
</collection>